@article{mandel2002analytic,
  title={Analytic light curves for planetary transit searches},
  author={Mandel, Kaisey and Agol, Eric},
  journal={The Astrophysical Journal Letters},
  volume={580},
  number={2},
  pages={L171},
  year={2002},
  publisher={IOP Publishing}
}
@article{wolszczan1992planetary,
  title={A planetary system around the millisecond pulsar PSR 1257+ 12},
  author={Wolszczan, Alexander and Frail, Dail A},
  journal={Nature},
  volume={355},
  number={6356},
  pages={145--147},
  year={1992}
}
@article{marcy2002planet,
  title={A Planet at 5 AU around 55 Cancri},
  author={Marcy, Geoffrey W and Butler, R Paul and Fischer, Debra A and Laughlin, Greg and Vogt, Steven S and Henry, Gregory W and Pourbaix, Dimitri},
  journal={The Astrophysical Journal},
  volume={581},
  number={2},
  pages={1375},
  year={2002},
  publisher={IOP Publishing}
}
@article{wordsworth2011gliese,
  title={Gliese 581d is the first discovered terrestrial-mass exoplanet in the habitable zone},
  author={Wordsworth, Robin D and Forget, Fran{\c{c}}ois and Selsis, Franck and Millour, Ehouarn and Charnay, Benjamin and Madeleine, Jean-Baptiste},
  journal={The Astrophysical Journal Letters},
  volume={733},
  number={2},
  pages={L48},
  year={2011},
  publisher={IOP Publishing}
}
@article{mcarthur2004detection,
  title={Detection of a Neptune-mass planet in the $\rho$1 Cancri system using the Hobby-Eberly Telescope},
  author={McArthur, Barbara E and Endl, Michael and Cochran, William D and Benedict, G Fritz and Fischer, Debra A and Marcy, Geoffrey W and Butler, R Paul and Naef, Dominique and Mayor, Michel and Queloz, Diedre and others},
  journal={The Astrophysical Journal Letters},
  volume={614},
  number={1},
  pages={L81},
  year={2004},
  publisher={IOP Publishing}
}
@article{mckay1996search,
  title={Search for past life on Mars: Possible relic biogenic activity in Martian meteorite ALH84001},
  author={McKay, David S and Gibson, Everett K and Thomas-Keprta, Kathie L and Vali, Hojatollah and Romanek, Christopher S and Clemett, Simon J and Chillier, Xavier DF and Maechling, Claude R and Zare, Richard N},
  journal={Science},
  volume={273},
  number={5277},
  pages={924--930},
  year={1996},
  publisher={American Association for the Advancement of Science}
}
@article{mckay2005possibilities,
  title={Possibilities for methanogenic life in liquid methane on the surface of Titan},
  author={McKay, CP and Smith, HD},
  journal={Icarus},
  volume={178},
  number={1},
  pages={274--276},
  year={2005},
  publisher={Elsevier}
}
@article{lafreniere2010directly,
  title={The Directly Imaged Planet Around the Young Solar Analog 1RXS J160929. 1--210524: Confirmation of Common Proper Motion, Temperature, and Mass},
  author={Lafreni{\`e}re, David and Jayawardhana, Ray and Van Kerkwijk, Marten H},
  journal={The Astrophysical Journal},
  volume={719},
  number={1},
  pages={497},
  year={2010},
  publisher={IOP Publishing}
}
@article{santerne2012sophie,
  title={SOPHIE velocimetry of Kepler transit candidates},
  author={Santerne, A and Moutou, C and Barros, SCC and Damiani, C and D{\'\i}az, RF and Almenara, JM and Bonomo, AS and Bouchy, F and Deleuil, M and H{\'e}brard, G},
  journal={A\&A},
  volume={544},
  pages={L12},
  year={2012}
}
@article{ge2002externally,
  title={An externally dispersed interferometer for sensitive Doppler extrasolar planet searches},
  author={Ge, Jian and Erskine, David J and Rushford, Mike},
  journal={Publications of the Astronomical Society of the Pacific},
  volume={114},
  number={799},
  pages={1016--1028},
  year={2002},
  publisher={JSTOR}
}
@article{kuzuhara2013direct,
  title={Direct Imaging of a Cold Jovian Exoplanet in Orbit around the Sun-like Star GJ 504},
  author={Kuzuhara, M and Tamura, M and Kudo, T and Janson, M and Kandori, R and Brandt, TD and Thalmann, C and Spiegel, D and Biller, B and Carson, J and others},
  journal={The Astrophysical Journal},
  volume={774},
  number={1},
  pages={11},
  year={2013},
  publisher={IOP Publishing}
}
@article{delorme2013direct,
  title={Direct imaging discovery of 12-14 Jupiter mass object orbiting a young binary system of very low-mass stars},
  author={Delorme, P and Gagn{\'e}, J and Girard, JH and Lagrange, AM and Chauvin, G and Naud, ME and Lafreni{\`e}re, D and Doyon, R and Riedel, A and Bonnefoy, M and others},
  journal={arXiv preprint arXiv:1303.4525},
  year={2013}
}
@article{kuchner2002coronagraph,
  title={A coronagraph with a band-limited mask for finding terrestrial planets},
  author={Kuchner, Marc J and Traub, Wesley A},
  journal={The Astrophysical Journal},
  volume={570},
  number={2},
  pages={900},
  year={2002},
  publisher={IOP Publishing}
}
@article{mohr2012codata,
  title={CODATA recommended values of the fundamental physical constants: 2010},
  author={Mohr, Peter J and Taylor, Barry N and Newell, David B},
  journal={Reviews of Modern Physics},
  volume={84},
  number={4},
  pages={1527},
  year={2012},
  publisher={APS}
}
